<record><leader>00000cas a22000007a 4500</leader><controlfield tag="001">13488579</controlfield><controlfield tag="008">860424d18961930utuwr ne      0    0eng d</controlfield><datafield ind1=" " ind2=" " tag="010"><subfield code="a">sn 86091448 </subfield></datafield><datafield ind1=" " ind2=" " tag="040"><subfield code="a">UNP</subfield><subfield code="b">eng</subfield><subfield code="c">UNP</subfield><subfield code="d">OCLCQ</subfield></datafield><datafield ind1=" " ind2=" " tag="042"><subfield code="a">msc</subfield></datafield><datafield ind1="0" ind2="4" tag="245"><subfield code="a">The Mammoth record.</subfield></datafield><datafield ind1="1" ind2="3" tag="246"><subfield code="a">Record</subfield></datafield><datafield ind1=" " ind2=" " tag="260"><subfield code="a">Robinson, Utah :</subfield><subfield code="b">I.E. Diehl</subfield></datafield><datafield ind1=" " ind2=" " tag="300"><subfield code="a">v. :</subfield><subfield code="b">ill. ;</subfield><subfield code="c">55 cm.</subfield></datafield><datafield ind1=" " ind2=" " tag="310"><subfield code="a">Weekly</subfield></datafield><datafield ind1="1" ind2=" " tag="362"><subfield code="a">Began in 1896; ceased in 1930.</subfield><subfield code="z">Cf. Alter, J.C. Early Utah journalism.</subfield></datafield><datafield ind1=" " ind2=" " tag="500"><subfield code="a">"An independent newspaper devoted to the interests of Mammoth Gulch and vicinity."</subfield></datafield><datafield ind1=" " ind2=" " tag="500"><subfield code="a">Moved to Mammoth, Utah.</subfield></datafield><datafield ind1=" " ind2=" " tag="588"><subfield code="a">Description based on: Vol. 4, no. 25 (Aug. 9, 1899).</subfield></datafield><datafield ind1=" " ind2=" " tag="752"><subfield code="a">United States</subfield><subfield code="b">Utah</subfield><subfield code="c">Juab</subfield><subfield code="d">Robinson.</subfield></datafield><datafield ind1=" " ind2=" " tag="752"><subfield code="a">United States</subfield><subfield code="b">Utah</subfield><subfield code="c">Juab</subfield><subfield code="d">Mammoth.</subfield></datafield></record>